@book{pinsker1978dynamical,
  title={Dynamical Scattering of X-rays in Crystals},
  author={Pinsker, Z.G.},
  isbn={9783540085645},
  lccn={77025834},
  series={Reactivity and Structure},
  url={https://books.google.de/books?id=UoMpAQAAMAAJ},
  year={1978},
  publisher={Springer-Verlag}
}
