@book{als2011elements,
  title={Elements of Modern X-ray Physics},
  author={Als-Nielsen, J. and McMorrow, D.},
  isbn={9781119970156},
  lccn={2010051101},
  url={https://books.google.it/books?id=rlqlboWlTRMC},
  year={2011},
  publisher={Wiley}
}
