@book{warren1969x,
  title={X-ray Diffraction},
  author={Warren, B.E.},
  isbn={9780486663173},
  lccn={89078470},
  series={Addison-Wesley series in metallurgy and materials engineering},
  url={https://books.google.it/books?id=wfLBhAbEYAsC},
  year={1969},
  publisher={Dover Publications}
}
